[gd_scene load_steps=17 format=2]

[ext_resource path="res://Fonts/ZillaSlab-Regular.ttf" type="DynamicFontData" id=1]
[ext_resource path="res://Fonts/SpaceMono-Regular.ttf" type="DynamicFontData" id=2]
[ext_resource path="res://Scripts/VarNiveis.gd" type="Script" id=3]
[ext_resource path="res://Assets/Hud/Nivel/NivelBox.png" type="Texture" id=4]
[ext_resource path="res://Assets/Hud/musica.png" type="Texture" id=5]
[ext_resource path="res://Assets/Hud/voltar.png" type="Texture" id=6]
[ext_resource path="res://Assets/Hud/Star 4Star.png" type="Texture" id=7]
[ext_resource path="res://Assets/Hud/Nivel/Alert.png" type="Texture" id=8]
[ext_resource path="res://Assets/Hud/audioOff.png" type="Texture" id=9]
[ext_resource path="res://Assets/Hud/Nivel/Confirm.png" type="Texture" id=10]
[ext_resource path="res://Fonts/ZillaSlab-Bold.ttf" type="DynamicFontData" id=11]

[sub_resource type="DynamicFont" id=1]
size = 130
use_mipmaps = true
use_filter = true
font_data = ExtResource( 1 )

[sub_resource type="DynamicFont" id=2]
size = 60
use_mipmaps = true
use_filter = true
font_data = ExtResource( 11 )

[sub_resource type="DynamicFont" id=3]
size = 55
use_mipmaps = true
use_filter = true
font_data = ExtResource( 2 )

[sub_resource type="Animation" id=4]
resource_name = "Trans2-2"
length = 4.0
tracks/0/type = "value"
tracks/0/path = NodePath("Buttons/Node2D/GreenLines/Line1:rect_size")
tracks/0/interp = 1
tracks/0/loop_wrap = true
tracks/0/imported = false
tracks/0/enabled = true
tracks/0/keys = {
"times": PoolRealArray( 0, 1 ),
"transitions": PoolRealArray( 1, 1 ),
"update": 0,
"values": [ Vector2( 12, 10 ), Vector2( 12, 420 ) ]
}
tracks/1/type = "value"
tracks/1/path = NodePath("Buttons/Node2D/GreenLines/Line2:visible")
tracks/1/interp = 1
tracks/1/loop_wrap = true
tracks/1/imported = false
tracks/1/enabled = true
tracks/1/keys = {
"times": PoolRealArray( 0, 1.1 ),
"transitions": PoolRealArray( 1, 1 ),
"update": 1,
"values": [ false, true ]
}
tracks/2/type = "value"
tracks/2/path = NodePath("Buttons/Node2D/GreenLines/Line2:rect_size")
tracks/2/interp = 1
tracks/2/loop_wrap = true
tracks/2/imported = false
tracks/2/enabled = true
tracks/2/keys = {
"times": PoolRealArray( 1.1, 2.5 ),
"transitions": PoolRealArray( 1, 1 ),
"update": 0,
"values": [ Vector2( 2, 13 ), Vector2( 234, 13 ) ]
}
tracks/3/type = "value"
tracks/3/path = NodePath("Buttons/Node2D/Alert2:texture")
tracks/3/interp = 1
tracks/3/loop_wrap = true
tracks/3/imported = false
tracks/3/enabled = true
tracks/3/keys = {
"times": PoolRealArray( 0, 1.1 ),
"transitions": PoolRealArray( 4.43828, 4.43828 ),
"update": 1,
"values": [ ExtResource( 8 ), ExtResource( 10 ) ]
}
tracks/4/type = "value"
tracks/4/path = NodePath("Buttons/Nivel2-2:self_modulate")
tracks/4/interp = 1
tracks/4/loop_wrap = true
tracks/4/imported = false
tracks/4/enabled = true
tracks/4/keys = {
"times": PoolRealArray( 0, 2.6, 3.3 ),
"transitions": PoolRealArray( 1, 1, 1 ),
"update": 0,
"values": [ Color( 0.733333, 0.133333, 0.133333, 1 ), Color( 0.733333, 0.133333, 0.133333, 1 ), Color( 0.141176, 0.709804, 0.529412, 1 ) ]
}
tracks/5/type = "method"
tracks/5/path = NodePath(".")
tracks/5/interp = 1
tracks/5/loop_wrap = true
tracks/5/imported = false
tracks/5/enabled = true
tracks/5/keys = {
"times": PoolRealArray( 3.4 ),
"transitions": PoolRealArray( 1 ),
"values": [ {
"args": [  ],
"method": "firstAnimPlayerd"
} ]
}
tracks/6/type = "value"
tracks/6/path = NodePath("Buttons/Nivel2-2:disabled")
tracks/6/interp = 1
tracks/6/loop_wrap = true
tracks/6/imported = false
tracks/6/enabled = true
tracks/6/keys = {
"times": PoolRealArray( 0, 3.3 ),
"transitions": PoolRealArray( 1, 1 ),
"update": 1,
"values": [ true, false ]
}

[sub_resource type="Animation" id=5]
tracks/0/type = "value"
tracks/0/path = NodePath("TopSide/BlackScreem:color")
tracks/0/interp = 1
tracks/0/loop_wrap = true
tracks/0/imported = false
tracks/0/enabled = true
tracks/0/keys = {
"times": PoolRealArray( 0, 1 ),
"transitions": PoolRealArray( 1, 1 ),
"update": 0,
"values": [ Color( 0, 0, 0, 0 ), Color( 0, 0, 0, 1 ) ]
}
tracks/1/type = "value"
tracks/1/path = NodePath("TopSide/BlackScreem:visible")
tracks/1/interp = 1
tracks/1/loop_wrap = true
tracks/1/imported = false
tracks/1/enabled = true
tracks/1/keys = {
"times": PoolRealArray( 0 ),
"transitions": PoolRealArray( 1 ),
"update": 1,
"values": [ true ]
}
tracks/2/type = "method"
tracks/2/path = NodePath(".")
tracks/2/interp = 1
tracks/2/loop_wrap = true
tracks/2/imported = false
tracks/2/enabled = true
tracks/2/keys = {
"times": PoolRealArray( 1 ),
"transitions": PoolRealArray( 1 ),
"values": [ {
"args": [  ],
"method": "_transtion"
} ]
}

[node name="VarNiveis" type="Node2D"]
script = ExtResource( 3 )

[node name="ColorRect" type="ColorRect" parent="."]
margin_left = -32.0
margin_top = -32.0
margin_right = 1104.0
margin_bottom = 3728.0
color = Color( 0.0823529, 0.0823529, 0.0823529, 1 )
__meta__ = {
"_edit_lock_": true,
"_edit_use_anchors_": false
}

[node name="TopSide" type="Node2D" parent="."]
position = Vector2( -32, -8 )
z_index = 1

[node name="ColorRect2" type="ColorRect" parent="TopSide"]
margin_left = 32.0
margin_top = -24.0
margin_right = 1112.0
margin_bottom = 424.0
color = Color( 0.0823529, 0.0823529, 0.0823529, 1 )
__meta__ = {
"_edit_use_anchors_": false
}

[node name="Nivel" type="Label" parent="TopSide"]
margin_left = 444.0
margin_top = 236.0
margin_right = 738.0
margin_bottom = 393.0
custom_fonts/font = SubResource( 1 )
text = "Nível"
__meta__ = {
"_edit_use_anchors_": false
}

[node name="Back" type="TextureButton" parent="TopSide"]
margin_left = 96.0
margin_top = 24.0
margin_right = 192.0
margin_bottom = 120.0
rect_min_size = Vector2( 96, 96 )
texture_normal = ExtResource( 6 )
expand = true
__meta__ = {
"_edit_use_anchors_": false
}

[node name="Sound" type="TextureButton" parent="TopSide"]
margin_left = 952.0
margin_top = 24.0
margin_right = 1048.0
margin_bottom = 120.0
toggle_mode = true
shortcut_in_tooltip = false
texture_normal = ExtResource( 5 )
texture_pressed = ExtResource( 9 )
expand = true
__meta__ = {
"_edit_use_anchors_": false
}

[node name="BlackScreem" type="ColorRect" parent="TopSide"]
margin_left = -12.0
margin_top = -56.0
margin_right = 1136.0
margin_bottom = 3764.0
color = Color( 0, 0, 0, 0 )
__meta__ = {
"_edit_lock_": true,
"_edit_use_anchors_": false
}

[node name="Buttons" type="Control" parent="."]
margin_top = 1.0
margin_right = 40.0
margin_bottom = 41.0
__meta__ = {
"_edit_use_anchors_": false
}

[node name="Node2D" type="Node2D" parent="Buttons"]

[node name="GuideLines" type="Node2D" parent="Buttons/Node2D"]

[node name="GuideLIne" type="Line2D" parent="Buttons/Node2D/GuideLines"]
position = Vector2( 512.928, 555.821 )
scale = Vector2( 1, 1.11404 )
points = PoolVector2Array( 80, 2.36221, 302.271, 2.36221, 302.271, 391.42 )
width = 12.0
default_color = Color( 0.584314, 0.0784314, 0.0784314, 1 )

[node name="GuideLIne2" type="Line2D" parent="Buttons/Node2D/GuideLines"]
position = Vector2( -162.484, 565.518 )
scale = Vector2( 1, 1.11404 )
points = PoolVector2Array( 359.419, -14.3622, 23.0392, -14.3622, 23.0392, 479.233, 430.515, 479.233, 430.515, 735.378 )
width = 12.0
default_color = Color( 0.584314, 0.0784314, 0.0784314, 1 )

[node name="GuideLIne3" type="Line2D" parent="Buttons/Node2D/GuideLines"]
position = Vector2( 658.495, 1061.04 )
scale = Vector2( 1, 1.11404 )
points = PoolVector2Array( -155.793, 307.919, 192.644, 307.919, 192.644, 761.197 )
width = 12.0
default_color = Color( 0.584314, 0.0784314, 0.0784314, 1 )

[node name="GuideLIne5" type="Line2D" parent="Buttons/Node2D/GuideLines"]
position = Vector2( 487.097, 1135.62 )
scale = Vector2( 1, 1.11404 )
points = PoolVector2Array( 104.566, 664.235, 0.79187, 664.206, 0.79187, 730.39, -93.1555, 730.39, -93.1555, 817.389, -388.12, 817.911, -388.12, 1275.34, -258.32, 1275.13 )
width = 12.0
default_color = Color( 0.584314, 0.0784314, 0.0784314, 1 )

[node name="GuideLIne6" type="Line2D" parent="Buttons/Node2D/GuideLines"]
position = Vector2( 871.628, 1894.97 )
scale = Vector2( 1, 1.11404 )
points = PoolVector2Array( -356.842, 559.292, -356.842, 251.987, -256.943, 251.987, -256.943, 523.02, -157.043, 523.02, -157.043, 250.979, -71.7363, 250.979, -71.7363, 525.036, 15.8157, 525.036, 15.8157, 249.972, 89.8982, 249.972, 89.9955, 1212.53 )
width = 12.0
default_color = Color( 0.584314, 0.0784314, 0.0784314, 1 )

[node name="GuideLIne7" type="Line2D" parent="Buttons/Node2D/GuideLines"]
position = Vector2( 566.616, 2682.04 )
scale = Vector2( 1, 1.11404 )
points = PoolVector2Array( 32.1324, 431.582, -192, 431.582, -192.36, 945.561 )
width = 12.0
default_color = Color( 0.584314, 0.0784314, 0.0784314, 1 )

[node name="GreenLines" type="Node2D" parent="Buttons/Node2D"]

[node name="Line1" type="ColorRect" parent="Buttons/Node2D/GreenLines"]
margin_left = 821.0
margin_top = 972.0
margin_right = 833.0
margin_bottom = 982.0
rect_rotation = 180.0
color = Color( 0.0352941, 0.639216, 0.45098, 1 )
__meta__ = {
"_edit_use_anchors_": false
}

[node name="Line2" type="ColorRect" parent="Buttons/Node2D/GreenLines"]
visible = false
margin_left = 821.0
margin_top = 565.0
margin_right = 823.0
margin_bottom = 578.0
rect_rotation = 180.0
color = Color( 0.0352941, 0.639216, 0.45098, 1 )
__meta__ = {
"_edit_use_anchors_": false
}

[node name="Alert2" type="Sprite" parent="Buttons/Node2D"]
position = Vector2( 814.872, 560.438 )
scale = Vector2( 0.774286, 0.774286 )
texture = ExtResource( 8 )

[node name="Alert3" type="Sprite" parent="Buttons/Node2D"]
position = Vector2( 268.5, 1100 )
scale = Vector2( 0.774286, 0.774286 )
texture = ExtResource( 8 )

[node name="Alert4" type="Sprite" parent="Buttons/Node2D"]
position = Vector2( 851.188, 1405.98 )
scale = Vector2( 0.774286, 0.774286 )
texture = ExtResource( 8 )

[node name="Alert5" type="Sprite" parent="Buttons/Node2D"]
position = Vector2( 97.5042, 2047.92 )
scale = Vector2( 0.774286, 0.774286 )
texture = ExtResource( 8 )

[node name="Alert6" type="Sprite" parent="Buttons/Node2D"]
position = Vector2( 961.638, 2675.24 )
scale = Vector2( 0.774286, 0.774286 )
texture = ExtResource( 8 )

[node name="Nivel2-1" type="TextureButton" parent="Buttons"]
self_modulate = Color( 0.00784314, 0.662745, 0.454902, 1 )
margin_left = 594.696
margin_top = 959.838
margin_right = 1077.7
margin_bottom = 1263.84
rect_scale = Vector2( 0.886984, 0.886984 )
texture_normal = ExtResource( 4 )
expand = true
__meta__ = {
"_edit_use_anchors_": false
}

[node name="Sprite1" type="Sprite" parent="Buttons/Nivel2-1"]
modulate = Color( 0.364706, 0.364706, 0.364706, 1 )
position = Vector2( 301.637, 35.9685 )
scale = Vector2( 0.4, 0.4 )
texture = ExtResource( 7 )

[node name="Sprite2" type="Sprite" parent="Buttons/Nivel2-1"]
modulate = Color( 0.364706, 0.364706, 0.364706, 1 )
position = Vector2( 365.637, 35.9685 )
scale = Vector2( 0.4, 0.4 )
texture = ExtResource( 7 )

[node name="Sprite3" type="Sprite" parent="Buttons/Nivel2-1"]
modulate = Color( 0.364706, 0.364706, 0.364706, 1 )
position = Vector2( 429.637, 35.9685 )
scale = Vector2( 0.4, 0.4 )
texture = ExtResource( 7 )

[node name="textNivel" type="Label" parent="Buttons/Nivel2-1"]
margin_left = 27.058
margin_right = 142.058
margin_bottom = 73.0
custom_fonts/font = SubResource( 2 )
custom_colors/font_color = Color( 0, 0, 0, 1 )
text = "<2-1>"
align = 1
valign = 1
__meta__ = {
"_edit_use_anchors_": false
}

[node name="Label" type="Label" parent="Buttons/Nivel2-1"]
margin_top = 79.0
margin_right = 480.0
margin_bottom = 305.0
custom_fonts/font = SubResource( 3 )
text = ".Start()"
align = 1
valign = 1
autowrap = true
__meta__ = {
"_edit_use_anchors_": false
}

[node name="Nivel2-2" type="TextureButton" parent="Buttons"]
self_modulate = Color( 0.733333, 0.133333, 0.133333, 1 )
margin_left = 184.742
margin_top = 515.18
margin_right = 667.742
margin_bottom = 819.18
rect_scale = Vector2( 0.886984, 0.886984 )
disabled = true
texture_normal = ExtResource( 4 )
expand = true
__meta__ = {
"_edit_use_anchors_": false
}

[node name="Sprite1" type="Sprite" parent="Buttons/Nivel2-2"]
modulate = Color( 0.364706, 0.364706, 0.364706, 1 )
position = Vector2( 301.637, 35.9685 )
scale = Vector2( 0.4, 0.4 )
texture = ExtResource( 7 )

[node name="Sprite2" type="Sprite" parent="Buttons/Nivel2-2"]
modulate = Color( 0.364706, 0.364706, 0.364706, 1 )
position = Vector2( 365.637, 35.9685 )
scale = Vector2( 0.4, 0.4 )
texture = ExtResource( 7 )

[node name="Sprite3" type="Sprite" parent="Buttons/Nivel2-2"]
modulate = Color( 0.364706, 0.364706, 0.364706, 1 )
position = Vector2( 429.637, 35.9685 )
scale = Vector2( 0.4, 0.4 )
texture = ExtResource( 7 )

[node name="textNivel" type="Label" parent="Buttons/Nivel2-2"]
margin_left = 27.058
margin_right = 142.058
margin_bottom = 73.0
custom_fonts/font = SubResource( 2 )
custom_colors/font_color = Color( 0, 0, 0, 1 )
text = "<2-2>"
align = 1
valign = 1
__meta__ = {
"_edit_use_anchors_": false
}

[node name="Label" type="Label" parent="Buttons/Nivel2-2"]
margin_left = 5.0
margin_top = 75.0
margin_right = 483.0
margin_bottom = 306.0
custom_fonts/font = SubResource( 3 )
text = ".Spin()"
align = 1
valign = 1
autowrap = true
__meta__ = {
"_edit_use_anchors_": false
}

[node name="Nivel2-3" type="TextureButton" parent="Buttons"]
self_modulate = Color( 0.733333, 0.133333, 0.133333, 1 )
margin_left = 82.2348
margin_top = 1369.96
margin_right = 565.235
margin_bottom = 1673.96
rect_scale = Vector2( 0.886984, 0.886984 )
texture_normal = ExtResource( 4 )
expand = true
__meta__ = {
"_edit_use_anchors_": false
}

[node name="Sprite1" type="Sprite" parent="Buttons/Nivel2-3"]
modulate = Color( 0.364706, 0.364706, 0.364706, 1 )
position = Vector2( 301.637, 35.9685 )
scale = Vector2( 0.4, 0.4 )
texture = ExtResource( 7 )

[node name="Sprite2" type="Sprite" parent="Buttons/Nivel2-3"]
modulate = Color( 0.364706, 0.364706, 0.364706, 1 )
position = Vector2( 365.637, 35.9685 )
scale = Vector2( 0.4, 0.4 )
texture = ExtResource( 7 )

[node name="Sprite3" type="Sprite" parent="Buttons/Nivel2-3"]
modulate = Color( 0.364706, 0.364706, 0.364706, 1 )
position = Vector2( 429.637, 35.9685 )
scale = Vector2( 0.4, 0.4 )
texture = ExtResource( 7 )

[node name="textNivel" type="Label" parent="Buttons/Nivel2-3"]
margin_left = 27.058
margin_right = 142.058
margin_bottom = 73.0
custom_fonts/font = SubResource( 2 )
custom_colors/font_color = Color( 0, 0, 0, 1 )
text = "<2-3>"
align = 1
valign = 1
__meta__ = {
"_edit_use_anchors_": false
}

[node name="Label" type="Label" parent="Buttons/Nivel2-3"]
margin_left = 1.0
margin_top = 80.0
margin_right = 480.0
margin_bottom = 302.0
custom_fonts/font = SubResource( 3 )
text = ".NewBuddy()"
align = 1
valign = 1
autowrap = true
__meta__ = {
"_edit_use_anchors_": false
}

[node name="Nivel2-4" type="TextureButton" parent="Buttons"]
self_modulate = Color( 0.733333, 0.133333, 0.133333, 1 )
margin_left = 589.49
margin_top = 1848.36
margin_right = 1072.49
margin_bottom = 2152.36
rect_scale = Vector2( 0.886984, 0.886984 )
texture_normal = ExtResource( 4 )
expand = true
__meta__ = {
"_edit_use_anchors_": false
}

[node name="Sprite1" type="Sprite" parent="Buttons/Nivel2-4"]
modulate = Color( 0.364706, 0.364706, 0.364706, 1 )
position = Vector2( 301.637, 35.9685 )
scale = Vector2( 0.4, 0.4 )
texture = ExtResource( 7 )

[node name="Sprite2" type="Sprite" parent="Buttons/Nivel2-4"]
modulate = Color( 0.364706, 0.364706, 0.364706, 1 )
position = Vector2( 365.637, 35.9685 )
scale = Vector2( 0.4, 0.4 )
texture = ExtResource( 7 )

[node name="Sprite3" type="Sprite" parent="Buttons/Nivel2-4"]
modulate = Color( 0.364706, 0.364706, 0.364706, 1 )
position = Vector2( 429.637, 35.9685 )
scale = Vector2( 0.4, 0.4 )
texture = ExtResource( 7 )

[node name="textNivel" type="Label" parent="Buttons/Nivel2-4"]
margin_left = 27.058
margin_right = 142.058
margin_bottom = 73.0
custom_fonts/font = SubResource( 2 )
custom_colors/font_color = Color( 0, 0, 0, 1 )
text = "<2-4>"
align = 1
valign = 1
__meta__ = {
"_edit_use_anchors_": false
}

[node name="Label" type="Label" parent="Buttons/Nivel2-4"]
margin_left = 1.0
margin_top = 76.0
margin_right = 483.0
margin_bottom = 305.0
custom_fonts/font = SubResource( 3 )
text = ".Collision()"
align = 1
valign = 1
autowrap = true
__meta__ = {
"_edit_use_anchors_": false
}

[node name="Nivel2-5" type="TextureButton" parent="Buttons"]
self_modulate = Color( 0.733333, 0.133333, 0.133333, 1 )
margin_left = 191.736
margin_top = 2514.06
margin_right = 674.736
margin_bottom = 2818.06
rect_scale = Vector2( 0.886984, 0.886984 )
texture_normal = ExtResource( 4 )
expand = true
__meta__ = {
"_edit_use_anchors_": false
}

[node name="Sprite1" type="Sprite" parent="Buttons/Nivel2-5"]
modulate = Color( 0.364706, 0.364706, 0.364706, 1 )
position = Vector2( 301.637, 35.9685 )
scale = Vector2( 0.4, 0.4 )
texture = ExtResource( 7 )

[node name="Sprite2" type="Sprite" parent="Buttons/Nivel2-5"]
modulate = Color( 0.364706, 0.364706, 0.364706, 1 )
position = Vector2( 365.637, 35.9685 )
scale = Vector2( 0.4, 0.4 )
texture = ExtResource( 7 )

[node name="Sprite3" type="Sprite" parent="Buttons/Nivel2-5"]
modulate = Color( 0.364706, 0.364706, 0.364706, 1 )
position = Vector2( 429.637, 35.9685 )
scale = Vector2( 0.4, 0.4 )
texture = ExtResource( 7 )

[node name="textNivel" type="Label" parent="Buttons/Nivel2-5"]
margin_left = 27.058
margin_right = 142.058
margin_bottom = 73.0
custom_fonts/font = SubResource( 2 )
custom_colors/font_color = Color( 0, 0, 0, 1 )
text = "<2-5>"
align = 1
valign = 1
__meta__ = {
"_edit_use_anchors_": false
}

[node name="Label" type="Label" parent="Buttons/Nivel2-5"]
margin_left = 5.0
margin_top = 76.0
margin_right = 475.0
margin_bottom = 305.0
custom_fonts/font = SubResource( 3 )
text = ".NewBuddy2()"
align = 1
valign = 1
autowrap = true
__meta__ = {
"_edit_use_anchors_": false
}

[node name="Nivel2-6" type="TextureButton" parent="Buttons"]
self_modulate = Color( 0.733333, 0.133333, 0.133333, 1 )
margin_left = 586.044
margin_top = 3141.08
margin_right = 1069.04
margin_bottom = 3445.08
rect_scale = Vector2( 0.886984, 0.886984 )
texture_normal = ExtResource( 4 )
expand = true
__meta__ = {
"_edit_use_anchors_": false
}

[node name="Sprite1" type="Sprite" parent="Buttons/Nivel2-6"]
modulate = Color( 0.364706, 0.364706, 0.364706, 1 )
position = Vector2( 301.637, 35.9685 )
scale = Vector2( 0.4, 0.4 )
texture = ExtResource( 7 )

[node name="Sprite2" type="Sprite" parent="Buttons/Nivel2-6"]
modulate = Color( 0.364706, 0.364706, 0.364706, 1 )
position = Vector2( 365.637, 35.9685 )
scale = Vector2( 0.4, 0.4 )
texture = ExtResource( 7 )

[node name="Sprite3" type="Sprite" parent="Buttons/Nivel2-6"]
modulate = Color( 0.364706, 0.364706, 0.364706, 1 )
position = Vector2( 429.637, 35.9685 )
scale = Vector2( 0.4, 0.4 )
texture = ExtResource( 7 )

[node name="textNivel" type="Label" parent="Buttons/Nivel2-6"]
margin_left = 27.058
margin_right = 142.058
margin_bottom = 73.0
custom_fonts/font = SubResource( 2 )
custom_colors/font_color = Color( 0, 0, 0, 1 )
text = "<2-6>"
align = 1
valign = 1
__meta__ = {
"_edit_use_anchors_": false
}

[node name="Label" type="Label" parent="Buttons/Nivel2-6"]
margin_left = 3.0
margin_top = 79.0
margin_right = 479.0
margin_bottom = 304.0
custom_fonts/font = SubResource( 3 )
text = ".Ladder()"
align = 1
valign = 1
autowrap = true
__meta__ = {
"_edit_use_anchors_": false
}

[node name="AnimationPlayer" type="AnimationPlayer" parent="."]
anims/Trans2-2 = SubResource( 4 )
anims/Transition = SubResource( 5 )
[connection signal="pressed" from="TopSide/Back" to="." method="_on_Back_pressed"]
[connection signal="pressed" from="TopSide/Sound" to="." method="_on_Sound_pressed"]
[connection signal="pressed" from="Buttons/Nivel2-1" to="." method="_on_Nivel21_pressed"]
[connection signal="pressed" from="Buttons/Nivel2-2" to="." method="_on_Nivel22_pressed"]
[connection signal="pressed" from="Buttons/Nivel2-3" to="." method="_on_Nivel23_pressed"]
[connection signal="pressed" from="Buttons/Nivel2-4" to="." method="_on_Nivel24_pressed"]
[connection signal="pressed" from="Buttons/Nivel2-5" to="." method="_on_Nivel25_pressed"]
[connection signal="pressed" from="Buttons/Nivel2-6" to="." method="_on_Nivel26_pressed"]
